@Misc{slidy,
    author = "Petr Peringer",
    title = "Modelování a simulace",
    howpublished = "prezentácia",
    month = "september",
    year = "2015",
    url = "https://www.fit.vutbr.cz/study/courses/IMS/public/prednasky/IMS.pdf",
}

@Misc{opora,
    author = "Petr Peringer",
    title = "Modelování a simulace",
    howpublished = "studijní opora",
    month = "december",
    year = "2012",
}

@InProceedings{dispecer,
    author = {Bažant and Žarnay},
    title = {Modelování situací vznikajících při zpoždění vlaků v osobních železničních stanicích},
    booktitle = {Dopravní systémy 2005},
    pages = {248--256},
    year = {2005},
    isbn = {80-7194-805-5},
    publisher = {Univerzita Pardubice},
}

@misc{wiki:gvd,
    author = {Wikipedia},
    title = {Grafikon dopravy},
    year = {2015},
    url = {https://cs.wikipedia.org/wiki/Grafikon_dopravy},
    note = {[Online], [cit. 6.12.2015]}
}

@misc{szdc_d6,
    author = {SŽDC},
    title = {Předpis pro tvorbu a zpracování technologických pomůcek ke grafikonu vlakové dopravy},
    year = {2013},
    URL = {http://provoz.szdc.cz/Portal/Show.aspx?oid=919869},
}

@unpublished{pok,
    author = {ŽSR},
    title = {GVD 2015/2016 ŽST Púchov -- Plán obsadenia dopravných koľají},
    note = {[Príloha \texttt{Plan\_obsadenia\_kolaji\_PU.xslx}]}
}

@unpublished{kolaje,
    author = {ŽSR},
    title = {Schéma koľajiska ŽST Púchov},
    note = {[Príloha \texttt{Schema\_kolajiska\_PU.xslx}]}
}

@misc{gvd106,
    author = {ŽSR},
    title = {GVD 2015/2016, trať Kraľovany -- Horní Lideč},
    year = {2015},
    url = {http://gvd.cz/data/gvd2016_zsr.zip},
}
@misc{gvd125,
    author = {ŽSR},
    title = {GVD 2015/2016, trať Bratislava -- Púchov},
    year = {2015},
    url = {http://gvd.cz/data/gvd2016_zsr.zip},
}

@misc{riadenie,
    author = {ŽSR},
    title = {Pravidlá železničnej prevádzky},
    year = {2005},
    url = {http://www.zsr.sk/buxus/docs//RegisterInfrastruktury/Z1_web.pdf},
}

@unpublished{meskanie,
    author = {ŽSR},
    title = {Plnenie GVD pre dopravný bod Púchov},
    year = {2015},
    note = {[Príloha \texttt{Statistika\_meskania\_PU.xslx}]}
}

@misc{pripoje,
    author = {ZSSK},
    title = {Čakacie časy a opatrenia pri meškaní vlakov osobnej dopravy},
    year = {2014},
    url = {http://fpedas.uniza.sk/~gasparik/cc.pdf},
}

@misc{studie_mas,
    author = {Binko and Zaťko},
    title = {Simulační podpora prověřovaní variantního uspořádání kolejišť v rámci železničních stanic},
    year = {2013},
    url = {http://www.upce.cz/fei/railsim/materialy/studie-mas-nadr.pdf},
}

@misc{simlib,
    title = {Simulačná knižnica SIMLIB},
    author = {Petr Peringer},
    url = {http://www.fit.vutbr.cz/~peringer/SIMLIB/},
}
